@article{adler2003making,
  title={Making the HR outsourcing decision},
  author={Adler, Paul},
  journal={MIT Sloan Management Review},
  volume={45},
  number={1},
  pages={53},
  year={2003}
}

@misc{BusinessDictionary,
author = {BusinessDictionary.com},
title = {skills inventory},
year = {2013},
howpublished = {Retrieved May 20, 2013, from \url{http://www.businessdictionary.com/definition/skills-inventory.html}}
}

@misc{Packard,
author = {Hewlett-Packard},
title = {Human Resources},
year = {2013},
howpublished = {Retrieved May 20, 2013 from \url{http://www8.hp.com/us/en/jobsathp/working-at-hp/find-your-fit/human-resources.html}}
}

@book{hendry1995human,
  title={Human Resource Management},
  author={Hendry, Chris},
  year={1995},
  publisher={Routledge}
}

@misc{kpmg,
author = {Isaacson, Karen and Peacy, Sarah},
title = {Human resources and social media},
year = {2013},
howpublished = {Retrieved May 19, 2013 from \url{http://www.kpmg.com/BE/en/IssuesAndInsights/ArticlesPublications/Documents/Social%20network.pdf}}
}

